[gd_scene load_steps=9 format=2]

[ext_resource path="res://scenes/MenuPanel.gd" type="Script" id=1]
[ext_resource path="res://theme/ancientnightmares.theme" type="Theme" id=2]
[ext_resource path="res://assets/textures/menu-panel.png" type="Texture" id=3]
[ext_resource path="res://assets/fonts/TrueTypewriter.ttf" type="DynamicFontData" id=4]
[ext_resource path="res://assets/textures/red-frame.png" type="Texture" id=5]
[ext_resource path="res://assets/textures/web-button-normal.png" type="Texture" id=6]
[ext_resource path="res://assets/textures/web-button-pressed.png" type="Texture" id=7]

[sub_resource type="DynamicFont" id=1]
size = 80
font_data = ExtResource( 4 )

[node name="MenuPanel" type="ColorRect"]
margin_right = 1080.0
margin_bottom = 1920.0
color = Color( 0, 0, 0, 0 )
script = ExtResource( 1 )

[node name="TextureRect" type="TextureRect" parent="."]
margin_left = 0.0769424
margin_top = 1224.9
margin_right = 1080.08
margin_bottom = 1919.9
theme = ExtResource( 2 )
texture = ExtResource( 3 )

[node name="OptionsLabel" type="Label" parent="."]
margin_left = 144.375
margin_top = 1232.05
margin_right = 538.375
margin_bottom = 1315.05
rect_rotation = 8.0
custom_fonts/font = SubResource( 1 )
custom_colors/font_color = Color( 0, 0, 0, 1 )
text = "Options"
align = 1
valign = 1

[node name="ResetStoryButton" type="TextureButton" parent="."]
margin_left = 606.659
margin_top = 1446.7
margin_right = 1012.66
margin_bottom = 1664.7
rect_rotation = 7.71019
texture_normal = ExtResource( 5 )

[node name="Label" type="Label" parent="ResetStoryButton"]
anchor_left = 0.5
anchor_top = 0.5
anchor_right = 0.5
anchor_bottom = 0.5
margin_left = -184.0
margin_top = -91.0
margin_right = 186.0
margin_bottom = 90.0
custom_fonts/font = SubResource( 1 )
custom_colors/font_color = Color( 1, 0, 0, 1 )
text = "Restart story"
align = 1
valign = 1
autowrap = true

[node name="WebButton" type="TextureButton" parent="."]
margin_left = 813.002
margin_top = 1739.11
margin_right = 972.002
margin_bottom = 1884.11
rect_rotation = 7.47788
texture_normal = ExtResource( 6 )
texture_pressed = ExtResource( 7 )

[node name="SoundOptions" type="VBoxContainer" parent="."]
editor/display_folded = true
margin_left = 101.077
margin_top = 1386.9
margin_right = 438.077
margin_bottom = 1593.9
rect_rotation = 8.0

[node name="MusicCheckBox" type="CheckBox" parent="SoundOptions"]
margin_right = 337.0
margin_bottom = 91.0
focus_mode = 0
custom_fonts/font = SubResource( 1 )
custom_colors/font_color_hover_pressed = Color( 0, 0, 0, 1 )
custom_colors/font_color = Color( 0, 0, 0, 1 )
custom_colors/font_color_hover = Color( 0, 0, 0, 1 )
custom_colors/font_color_pressed = Color( 0, 0, 0, 1 )
enabled_focus_mode = 0
text = "Music"

[node name="SoundCheckBox" type="CheckBox" parent="SoundOptions"]
margin_top = 95.0
margin_right = 337.0
margin_bottom = 186.0
focus_mode = 0
custom_fonts/font = SubResource( 1 )
custom_colors/font_color_disabled = Color( 0.219608, 0.219608, 0.219608, 1 )
custom_colors/font_color_hover_pressed = Color( 0, 0, 0, 1 )
custom_colors/font_color = Color( 0, 0, 0, 1 )
custom_colors/font_color_hover = Color( 0, 0, 0, 1 )
custom_colors/font_color_pressed = Color( 0, 0, 0, 1 )
enabled_focus_mode = 0
text = "Sound FX"

[node name="Button" type="Button" parent="."]
margin_left = 73.1836
margin_top = 1729.51
margin_right = 414.184
margin_bottom = 1822.51
text = "Credits"
[connection signal="pressed" from="ResetStoryButton" to="." method="_on_ResetStoryButton_pressed"]
[connection signal="pressed" from="WebButton" to="." method="_on_WebButton_pressed"]
[connection signal="toggled" from="SoundOptions/MusicCheckBox" to="." method="_on_MusicCheckBox_toggled"]
[connection signal="toggled" from="SoundOptions/SoundCheckBox" to="." method="_on_SoundCheckBox_toggled"]
[connection signal="pressed" from="Button" to="." method="_on_Button_pressed"]
