[gd_scene load_steps=4 format=2]

[ext_resource path="res://scenes/viewer_elements/CharacterElement.gd" type="Script" id=1]
[ext_resource path="res://assets/textures/default_char.png" type="Texture" id=2]

[sub_resource type="StyleBoxFlat" id=1]
content_margin_left = 0.0
content_margin_right = 0.0
content_margin_top = 20.0
content_margin_bottom = 20.0
draw_center = false
border_width_top = 2
border_width_bottom = 2

[node name="character_item" type="HBoxContainer"]
size_flags_horizontal = 3
size_flags_vertical = 3
script = ExtResource( 1 )

[node name="PanelContainer" type="PanelContainer" parent="."]
margin_right = 750.0
margin_bottom = 474.0
mouse_filter = 1
size_flags_horizontal = 3
size_flags_vertical = 3
custom_styles/panel = SubResource( 1 )

[node name="HBoxContainer" type="HBoxContainer" parent="PanelContainer"]
margin_top = 20.0
margin_right = 750.0
margin_bottom = 454.0
size_flags_horizontal = 3
size_flags_vertical = 3
custom_constants/separation = 50

[node name="VBoxContainer" type="VBoxContainer" parent="PanelContainer/HBoxContainer"]
margin_right = 300.0
margin_bottom = 434.0
custom_constants/separation = 20

[node name="TextureRect" type="TextureRect" parent="PanelContainer/HBoxContainer/VBoxContainer"]
margin_right = 300.0
margin_bottom = 400.0
rect_min_size = Vector2( 300, 400 )
texture = ExtResource( 2 )
expand = true

[node name="Label" type="Label" parent="PanelContainer/HBoxContainer/VBoxContainer"]
margin_top = 420.0
margin_right = 300.0
margin_bottom = 434.0
mouse_filter = 1
size_flags_horizontal = 3
size_flags_vertical = 1
custom_colors/font_color = Color( 1, 1, 1, 1 )
align = 1
valign = 1
autowrap = true

[node name="RichTextLabel" type="RichTextLabel" parent="PanelContainer/HBoxContainer"]
margin_left = 350.0
margin_right = 750.0
margin_bottom = 434.0
rect_min_size = Vector2( 400, 280 )
mouse_filter = 1
size_flags_horizontal = 3
size_flags_vertical = 3
bbcode_enabled = true
bbcode_text = "Hola"
text = "Hola"
scroll_active = false

[node name="MarginContainer" type="MarginContainer" parent="."]
margin_left = 754.0
margin_right = 784.0
margin_bottom = 474.0
mouse_filter = 1
custom_constants/margin_right = 30
[connection signal="draw" from="PanelContainer/HBoxContainer/RichTextLabel" to="." method="_on_RichTextLabel_draw"]
[connection signal="meta_clicked" from="PanelContainer/HBoxContainer/RichTextLabel" to="." method="_on_RichTextLabel_meta_clicked"]
